@Misc{dcraw2006,
  author =	 {Dave Coffin},
  title =	 {{dcraw -- Decoding raw digital photos in Linux}},
  year =	 "2006",
  note =	 {\url{http://www.cybercom.net/~dcoffin/dcraw/}}
}

@Misc{Intel2005-OSC,
  author =	 {Intel},
  title =	 {{OpenCV -- Open Source Computer Vision Library}},
  year =	 2005,
  note =	 {\url{http://www.intel.com/research/mrl/research/opencv/}}
}

@PhdThesis{Jungclaus1998-IVS,
  author =	 {Nils Jungclaus},
  title =	 {Integration verteilter Systeme zur
                  Mensch-Maschine-Kommunikation},
  school =	 {Universit{\"a}t Bielefeld, Technische Fakult{\"a}t},
  year =	 1998,
  type =	 {Dissertation}
}

@phdthesis{Loemker2004-LVO,
  author =	 {L{\"o}mker, Frank},
  title =	 {Lernen von Objektbenennungen mit visuellen
                  Prozessen},
  school =	 {Universit{\"a}t Bielefeld, Technische Fakult{\"a}t},
  type =	 {Dissertation},
  note =         {\url{http://bieson.ub.uni-bielefeld.de/volltexte/2004/549/}},
  year =	 {2004},
}

@Misc{Matlab2003,
  author =	 {{The Mathworks}},
  key =		 {MatLab},
  title =	 {MatLab},
  year =	 "2003",
  note =	 {\url{http://www.mathworks.com}}
}

@Book{Ousterhout1994-TAT,
  author =	 {John K. Ousterhout},
  title =	 {Tcl and the Tk Toolkit},
  publisher =	 {Addison-Wesley},
  year =	 1994,
  month =	 {March}
}

@Article{Hirakawa2005-AHD,
  author = 	 {Keigo Hirakawa and Thomas W. Parks},
  title = 	 {Adaptive Homogeneity-Directed Demosaicing Algorithm},
  journal = 	 {IEEE Transactions in Image Processing},
  year = 	 2005,
  volume =	 14,
  number =	 3,
  pages =	 {360--369},
  month =	 {March}
}
