@misc{url:msc-handbook,
      title = "MSc and Diploma in High Performance Computing Student Handbook",
      year = "2012",
      note = "\url{https://www.wiki.ed.ac.uk/download/attachments/136519733/Programme-Handbook-2012+-+13+-+Final.pdf?version=1}"
}

@mastersthesis{prevdis:hpcv,
    author    = "Benjamin Eagan",
    title     = "High Performance Computer Vision",
    school    = "School of Physics And Astronomy",
    year      = "2012",
    note     = "\url{http://www.epcc.ed.ac.uk/wp-content/uploads/2013/02/Submission-1138832.pdf}",
}

@mastersthesis{prevdis:tax,
    author    = "Thomas McClintock",
    title     = "Parallelization and Optimization of a Tax and Benefits Model",
    school    = "School of Physics And Astronomy",
    year      = "2012",
    note     = "\url{http://www.epcc.ed.ac.uk/wp-content/uploads/2013/02/Submission-1150361.pdf}",
}

@mastersthesis{prevdis:exascale,
    author    = "Ioan Corneliu Hadade",
    title     = "Novel energy efficient compute architectures on the path to Exascale",
    school    = "School of Physics And Astronomy",
    year      = "2012",
    note     = "\url{http://www.epcc.ed.ac.uk/wp-content/uploads/2013/02/Submission-1146632.pdf}",
}
